@book{Sklar1988,
	author = {Sklar, Bernard},
	title = {Digital Communications: Fundamentals and Applications},
	year = {1988},
	isbn = {0-13-211939-0},
	publisher = {Prentice-Hall, Inc.},
	address = {Upper Saddle River, NJ, USA},
} 


@book{ghatak1998, 
	place={Cambridge}, 
	title={An Introduction to Fiber Optics}, 
	DOI={10.1017/CBO9781139174770}, 
	publisher={Cambridge University Press}, 
	author={Ghatak, Ajoy and Thyagarajan, K.}, 
	year={1998}
}

@Other{Sprace2019,
	Title                    = {Sprace research group},
	Author                   = {SPRACE},
	Address                  = {São Paulo},
	Owner                    = {},
	Pages                    = {},
	Url                      = {http://sprace.org.br},
	Urlaccessdate            = {15 set. 2018},
	Publisher                = {},
	Timestamp                = {2019.09.15},
	Year                     = {2019}
}

@Other{Wikipedia2019,
	Title                    = {GRANDE COLISOR DE HÁDRONS},
	Author                   = {WIKIPÉDIA},
	Address                  = {},
	Owner                    = {},
	Pages                    = {},
	Url                      = {https://pt.wikipedia.org/wiki/Grande_Colisor_de_Hádrons},
	Urlaccessdate            = {15 set. 2019},
	Publisher                = {},
	Timestamp                = {2019.09.15},
	Year                     = {2019}
}

@Book{Randal2013,
	Title                    = {BATENDO À PORTA DO CÉU: O BÓSON DE HIGGS E COMO A FÍSICA MODERNA ILUMINA O UNIVERSO},
	Address                  = {São Paulo},
	Author                   = {RANDALL, L.},
	Pages                    = {576},
	Publisher                = {Companhia das Letras},
	Year                     = {2013},
	
	Owner                    = {randal},
	Timestamp                = {2019.09.17}
}

@Mastersthesis{Ferreira2009,
	Title                    = {DETECÇÃO DE RAIOS CÓSMICOS COM CALORIMETRIA DE ALTAS ENERGIAS},
	Address                  = {Rio de Janeiro},
	Author                   = {FERREIRA, Bruno Carneiro},
	Pages                    = {118},
	School                   = {UNIVERSIDADE FEDERAL do Rio de Janeiro},
	Type                     = {Mestrado em Engenharia Elétrica},
	Year                     = {2009},
	
	Owner                    = {robson},
	Timestamp                = {2010.09.05}
}

@Other{Lucio2019,
	Title                    = {HIGH LUMINOSITY LARGE HADRON COLLIDER A DESCRIPTION FOR THE EUROPEAN STRATEGY PREPARATORY GROUP},
	Author                   = {BRÜNING, Lucio Rossi},
	Address                  = {},
	Owner                    = {},
	Pages                    = {},
	Url                      = {https://cds.cern.ch/record/1471000/files/CERN-ATS-2012-236.pdf},
	Urlaccessdate            = {17 set. 2019},
	Publisher                = {},
	Timestamp                = {2019.09.17},
	Year                     = {2019}
}

@Other{Emanuel2019,
	Title                    = {THE COMPACT MUON SOLENOID (CMS) EXPERIMENT: THE LHC FOR HIGH ENERGY AND LUMINOSITY},
	Author                   = {TSESMELIS, Emmanuel},
	Address                  = {},
	Owner                    = {},
	Pages                    = {},
	Url                      = {http://www.desy.de/~garutti/LECTURES/ParticleDetectorSS12/JournalClub/lhc-CMS.pdf},
	Urlaccessdate            = {20 set. 2019},
	Publisher                = {},
	Timestamp                = {2019.09.17},
	Year                     = {2019}
}

@Other{Cms2019,
	Title                    = {Techninal Proposal for the Phase-II Upgrade of the Compact Muon	Solenoid},
	Author                   = {CMS Collaboration},
	Address                  = {},
	Owner                    = {},
	Pages                    = {},
	Url                      = {http://www.desy.de/~garutti/LECTURES/ParticleDetectorSS12/JournalClub/lhc-CMS.pdf},
	Urlaccessdate            = {20 set. 2019},
	Publisher                = {},
	Timestamp                = {2019.09.20},
	Year                     = {2019}
}



%-----AAAAAAAAAAAAAAAAAAA-----------------------------
@book{book,
	author = {Bejar, I and Fessia, Paolo and Rossi, Lucio and Bruning, Oliver and Tavian, Laurent and Apollinari, G and Lamont, Mario},
	year = {2017},
	month = {09},
	pages = {},
	title = {High-Luminosity Large Hadron Collider (HL-LHC) Technical Design Report V. 0.1},
	isbn = {9789290834717}
}


%-----BBBBBBBBBBBBBBBBBBBB-----------------------------
@ARTICLE{bokhari,
  AUTHOR =       {Bokhari,S. H.},
  TITLE =        {The Linux Operation System},
  JOURNAL =      {IEEE Computer Society},
  YEAR =         {1995},
  volume =       {28},
  number =       {8},
  address=       {New York},
  pages =        {74 - 79},
  month =        {Ago.},
}

@Article{llgarver_sept70,
  author    = {L. L. Garver},
  title     = {Transmission Network Estimation Using Linear
               programming},
  journal   = {IEEE Transactions on Power Apparatus and Systems},
  year      = {1970},
  OPTkey    = {},
  volume    = {PAS-89},
  number    = {7},
  pages     = {1688-1697},
  month     = {Sep.},
  address   = {São Paulo},
  OPTnote   = {},
  OPTannote = {}
}

@Article{garver_sept70,
  author    = {L. L. Garver},
  title     = {Transmission Linear programming},
  journal   = {IEEE Transactions on Power Apparatus and Systems},
  year      = {1970},
  OPTkey    = {},
  volume    = {PAS-29},
  number    = {9},
  pages     = {168-197},
  month     = {Dec.},
  address   = {Rio de Janeiro},
  OPTnote   = {},
  OPTannote = {}
}

@techreport{bandlimit,
author={Antonello, F. and Maciel, M.},
TITLE = {Bandlimit},
YEAR = {2004},
url={http://underlinux.com.br},
urlaccessdate={10 Mar. 2012},
	}

%-----CCCCCCCCCCCCCCCCCCC-----------------------------

%-----DDDDDDDDDDDDDDDDDDD-----------------------------

@techreport{droms,
author={Droms, R.},
TITLE = {Dynamic Host Configuration Protocol},
YEAR = {1997},
url={http://ds.internice.net/ds/dspglintdoc.html},
urlaccessdate={10 Mar. 2012}
	}
%-----EEEEEEEEEEEEEEEEEEE-----------------------------
%-----FFFFFFFFFFFFFFFFFFF-----------------------------
@techreport{fedora,
author={Fedora},
TITLE = {Project Fedora},
YEAR = {2004},
url={http://fedoraproject.org/},
urlaccessdate={10 Mar. 2012}
	}

%-----GGGGGGGGGGGGGGGGGGG-----------------------------

@techreport{gnu,
author={Gnu},
TITLE = {Portal GNU},
YEAR = {1996},
url={www.gnu.org/licenses/gpl.html},
urlaccessdate={25 Mar. 2012}
	}
%-----HHHHHHHHHHHHHHHHHHH-----------------------------
%-----IIIIIIIIIIIIIIIIIII-----------------------------
%-----JJJJJJJJJJJJJJJJJJJ-----------------------------
@BOOK{jargas,
  AUTHOR =       {Jargas, A. M.},
  EDITOR =       {Novatec},
  TITLE =        {Shell Script Profissional},
  PUBLISHER =    {Novatec},
  YEAR =         {2008},
  number =       {480},
  address =      {Joinville},
  edition =      {1},
}
%-----KKKKKKKKKKKKKKKKKKK-----------------------------
@techreport{kernel,
author={Jones, M. T.},
TITLE = {Anatomia do Kernel Linux - Histórico e Decomposição Arquitetural},
YEAR = {2007},
url={http://www.ibm.com/developerworks/br/library/l-linux-kernel/\#author1},
urlaccessdate={14 Mai. 2012}
	}

%-----LLLLLLLLLLLLLLLLLLL----------------------------

@ARTICLE{linux_magazine,
  AUTHOR =       {Peregrino, R.},
  TITLE =        {Linus Torvalds no Brasil},
  JOURNAL =      {Linux Magazine},
  YEAR =         {2010},
  volume =       {},
  number =       {67},
  pages =        {24 - 28},
  month =        {Jun.},
}

%-----MMMMMMMMMMMMMMMMMMM-----------------------------
@BOOK{machado,
  AUTHOR =       {Machado, F. B. and Maia, L. P.},
  EDITOR =       {LTC - Livros Técnicos e Científicos Editora S.A.},
  TITLE =        {Arquitetura de Sistemas Operacionais},
  PUBLISHER =    {LTC},
  YEAR =         {2007},
  number =       {322},
  address =      {Rio de Janeiro},
  edition =      {4},
  pages =        {105 p.},
}

@techreport{mandriva,
author={Mandriva},
TITLE = {Mandriva},
YEAR = {2000},
url={http://http://www.mandriva.com},
urlaccessdate={10 Mar. 2012}
	}

@BOOK{manual_linux,
  AUTHOR =       {Ball, B. and Duff, H},
  EDITOR =       {Pearson Makron Books},
  TITLE =        {Dominando Linux Red Hat e Fedora},
  PUBLISHER =    {LTC},
  YEAR =         {2004},
  number =       {698},
  address =      {São Paulo},
  edition =      {1},
}


@BOOK{marcelo,
  AUTHOR =       {Marcelo, A.},
  EDITOR =       {Brasport},
  TITLE =        {Firewalls em Linux},
  PUBLISHER =    {Brasport},
  YEAR =         {2003},
  number =       {},
  address =      {São Paulo},
  edition =      {3},
}

@techreport{mrtg,
author={Oetiker, T.},
TITLE = {MRTG - The Multi Router Traffic Grapher},
YEAR = {2006},
url={http://oss.oetiker.ch/mrtg/index.html},
urlaccessdate={09 Fev. 2012}
	}


@techreport{mascote,
author={Texas A&M University},
TITLE = {Institute for Scientific Computation},
YEAR = {2012},
url={http://www.isc.tamu.edu/~lewing/linux/older.html},
urlaccessdate={10 Mar. 2012}
	}

%-----NNNNNNNNNNNNNNNNNNN-----------------------------
%-----OOOOOOOOOOOOOOOOOOO-----------------------------
%-----PPPPPPPPPPPPPPPPPPP-----------------------------
@BOOK{pocket,
  AUTHOR =       {Purdy, G. N.},
  EDITOR =       {O'Reilly Media},
  TITLE =        {Linux iptables Procket Reference},
  PUBLISHER =    {O'Reilly Media},
  YEAR =         {2004},
  number =       {97},
  address =      {United States of American},
  edition =      {1},
}
%-----QQQQQQQQQQQQQQQQQQQ-----------------------------
%-----RRRRRRRRRRRRRRRRRRR-----------------------------
%-----SSSSSSSSSSSSSSSSSSS-----------------------------

@INPROCEEDINGS{servidores,
author={Song, X. and Stinson, M. and Lee, R. and Albee, P.},
booktitle={COMPUTER AND INFORMATION SCIENCE, 2006 AND 2006 1st IEEE/ACIS INTERNATIONAL WORKSHOP ON COMPONENT-BASED SOFTWARE ENGINEERING, SOFTWARE ARCHITECTURE AND REUSE. ICIS-COMSAR 2006. 5th IEEE/ACIS INTERNATIONAL CONFERENCE}, 
title={An Approach to Analyzing the Windows and Linux Security Models},
year={2006},
month={july},
volume={},
number={},
pages={56 -62},
keywords={Linux;Windows operating system;security risk;software metrics;operating systems (computers);risk analysis;security of data;software metrics;},
doi={10.1109/ICIS-COMSAR.2006.18},
ISSN={},
}

@BOOK{soares,
  AUTHOR =       {Soares, L. F.G. and Colcher, S.},
  EDITOR =       {Campos},
  TITLE =        {Redes de Computadores das LAN's, MAN's e WAN's às redes Atm},
  PUBLISHER =    {Campos},
  YEAR =         {2003},
  number =       {480},
  address =      {São Paulo},
  edition =      {2},
}
%-----TTTTTTTTTTTTTTTTTTT-----------------------------
%-----UUUUUUUUUUUUUUUUUUU----------------------------
@techreport{ubuntu,
author={Ubuntu},
TITLE = {Portal Ubuntu},
YEAR = {2004},
url={http://www.ubuntu-br.org/},
urlaccessdate={14 Abr. 2006}
	}

@techreport{union,
author={Smart Union},
TITLE = {Smart Union - Consultoria e soluções em Tecnologia},
YEAR = {1998},
url={http://www.smartunion.com.br},
urlaccessdate={14 Abr. 2006}
}

@BOOK{urubatan,
  AUTHOR =       {Neto, U.},
  EDITOR =       {Ciencia Moderna Ltda.},
  TITLE =        {Dominando Linux Firewall iptables},
  PUBLISHER =    {Ciencia Moderna Ltda.},
  YEAR =         {2004},
  number =       {97},
  address =      {Rio de Janeiro},
  edition =      {1},
}

